<record><leader>00000cas a2200000 a 4500</leader><controlfield tag="001">10562792</controlfield><controlfield tag="008">840326d18711900nbuwr ne      0    0eng d</controlfield><datafield ind1=" " ind2=" " tag="010"><subfield code="a">sn 84022744 </subfield></datafield><datafield ind1=" " ind2=" " tag="040"><subfield code="a">NPX</subfield><subfield code="b">eng</subfield><subfield code="c">NPX</subfield><subfield code="d">NPT</subfield><subfield code="d">OCL</subfield><subfield code="d">NPV</subfield><subfield code="d">DLC</subfield><subfield code="d">NYS</subfield><subfield code="d">MQN</subfield><subfield code="d">NVG</subfield><subfield code="d">OCL</subfield><subfield code="d">OCLCQ</subfield><subfield code="d">DLC</subfield><subfield code="d">OCLCF</subfield><subfield code="d">OCLCO</subfield></datafield><datafield ind1=" " ind2=" " tag="019"><subfield code="a">10944624</subfield></datafield><datafield ind1="1" ind2=" " tag="029"><subfield code="a">AU@</subfield><subfield code="b">000024693319</subfield></datafield><datafield ind1=" " ind2=" " tag="042"><subfield code="a">msc</subfield></datafield><datafield ind1=" " ind2=" " tag="043"><subfield code="a">n-us-nb</subfield></datafield><datafield ind1="0" ind2=" " tag="130"><subfield code="a">Weekly bee (Omaha, Neb.)</subfield></datafield><datafield ind1="0" ind2="4" tag="245"><subfield code="a">The weekly bee.</subfield></datafield><datafield ind1="1" ind2=" " tag="246"><subfield code="i">Masthead title:</subfield><subfield code="a">Omaha weekly bee</subfield><subfield code="f">Sept. 6, 1871-Sept. 29, 1875; &lt;June 27, 1883&gt;-Oct. 14, 1885; Dec. 14, 1892-Dec. 14, 1892-Dec. 5, 1900</subfield></datafield><datafield ind1="1" ind2=" " tag="246"><subfield code="i">Masthead title:</subfield><subfield code="a">Omaha bee</subfield><subfield code="f">Oct. 6, 1875-&lt;June 13, 1883&gt;; Oct. 21, 1885-Dec. 7, 1892</subfield></datafield><datafield ind1=" " ind2=" " tag="260"><subfield code="a">Omaha, Neb. :</subfield><subfield code="b">Edward Rosewater,</subfield><subfield code="c">1871-1900.</subfield></datafield><datafield ind1=" " ind2=" " tag="300"><subfield code="a">30 v.</subfield></datafield><datafield ind1=" " ind2=" " tag="310"><subfield code="a">Weekly</subfield></datafield><datafield ind1="0" ind2=" " tag="362"><subfield code="a">Vol. 1, no. 1 (Sept. 6, 1871)-30th year, no. 13 &lt;Dec. 5, 1900).</subfield></datafield><datafield ind1=" " ind2=" " tag="500"><subfield code="a">Title from publisher's box.</subfield></datafield><datafield ind1=" " ind2=" " tag="500"><subfield code="a">"Douglas County edition" appears on masthead Jan. 1-Dec. 30, 1896.</subfield></datafield><datafield ind1=" " ind2=" " tag="580"><subfield code="a">Morning ed.: Omaha daily bee (Omaha, Neb. : Morning ed.).</subfield></datafield><datafield ind1=" " ind2=" " tag="580"><subfield code="a">Evening ed.: Omaha daily bee, 1871-1892; Omaha evening bee, 1892-1900.</subfield></datafield><datafield ind1=" " ind2=" " tag="580"><subfield code="a">Sunday ed.: Omaha Sunday bee, 1886-1900.</subfield></datafield><datafield ind1=" " ind2="0" tag="651"><subfield code="a">Omaha (Neb.)</subfield><subfield code="v">Newspapers.</subfield></datafield><datafield ind1=" " ind2="7" tag="655"><subfield code="a">Newspapers.</subfield><subfield code="2">fast</subfield><subfield code="0">(OCoLC)fst01423814</subfield></datafield><datafield ind1=" " ind2="7" tag="651"><subfield code="a">Nebraska</subfield><subfield code="z">Omaha.</subfield><subfield code="2">fast</subfield><subfield code="0">(OCoLC)fst01204995</subfield></datafield><datafield ind1=" " ind2=" " tag="752"><subfield code="a">United States</subfield><subfield code="b">Nebraska</subfield><subfield code="c">Douglas</subfield><subfield code="d">Omaha.</subfield></datafield><datafield ind1="1" ind2=" " tag="775"><subfield code="t">Omaha daily bee (Omaha, Neb. : Morning ed.)</subfield><subfield code="x">2169-7264</subfield><subfield code="w">(DLC)sn 99021999</subfield><subfield code="w">(OCoLC)42958170</subfield></datafield><datafield ind1="1" ind2=" " tag="775"><subfield code="t">Omaha daily bee</subfield><subfield code="w">(DLC)sn 84022743</subfield></datafield><datafield ind1="1" ind2=" " tag="775"><subfield code="t">Omaha evening bee</subfield><subfield code="w">(DLC)sn 84024327</subfield></datafield><datafield ind1="1" ind2=" " tag="775"><subfield code="t">Omaha Sunday bee</subfield><subfield code="w">(DLC)sn 95073407</subfield></datafield><datafield ind1="1" ind2=" " tag="776"><subfield code="c">Microfilm</subfield><subfield code="d">Nebraska State Historical Society</subfield><subfield code="w">(DLC)sn 95073266</subfield></datafield><datafield ind1="0" ind2="0" tag="785"><subfield code="t">Twentieth century farmer</subfield><subfield code="w">(DLC)sn  86086637</subfield></datafield></record>